
@misc{noauthor_systemgastronomie_nodate,
	title = {Systemgastronomie: {Herausforderungen} der {Branche} 2018},
	shorttitle = {Systemgastronomie},
	url = {https://de-statista-com.thi.idm.oclc.org/statistik/daten/studie/1038225/umfrage/herausforderungen-der-systemgastronomiebranche-in-deutschland/},
	abstract = {Laut der Einschätzung der Top 162 systemgastronomischen Unternehmen in Deutschland, war die Mitarbeiterbeschaffung und -bindung mit 8,9 von möglichen 10 Punkten die größte Herausforderung innerhalb der Branche, gefolgt von Personalkosten mit 8,2 und Führung/Motivation mit 7,7 Punkten.},
	language = {de},
	urldate = {2024-12-02},
	journal = {Statista},
	file = {Snapshot:/Users/jbu/Zotero/storage/H85AWNVC/herausforderungen-der-systemgastronomiebranche-in-deutschland.html:text/html},
}

@misc{noauthor_bargeldlose_nodate,
	title = {Bargeldlose {Zahlung}: {Wichtigkeit} in der {Gastronomie} nach {Altersgruppe} in {Deutschland} 2019},
	shorttitle = {Bargeldlose {Zahlung}},
	url = {https://de-statista-com.thi.idm.oclc.org/statistik/daten/studie/1074859/umfrage/umfrage-zum-bargeldlosen-bezahlen-in-der-gastronomie-in-deutschland-nach-alter/},
	abstract = {Im Jahr 2019 gaben 88,6 Prozent der 18 bis 29-Jährigen an, dass ihnen eine bargeldlose Zahlungsweise in gastronomischen Betrieben wichtig ist.},
	language = {de},
	urldate = {2024-12-02},
	journal = {Statista},
	file = {Snapshot:/Users/jbu/Zotero/storage/QD7XJCLI/umfrage-zum-bargeldlosen-bezahlen-in-der-gastronomie-in-deutschland-nach-alter.html:text/html},
}

@misc{noauthor_catering_nodate,
	title = {Catering: {Herausforderungen} der {Branche} bis 2017},
	shorttitle = {Catering},
	url = {https://de-statista-com.thi.idm.oclc.org/statistik/daten/studie/492031/umfrage/herausforderungen-der-cateringbranche-in-deutschland/},
	abstract = {Die Statistik zeigt die größten Herausforderungen der deutschen Cateringbranche in den Jahren 2016 und 2017.},
	language = {de},
	urldate = {2024-12-02},
	journal = {Statista},
	file = {Snapshot:/Users/jbu/Zotero/storage/38MD8UKW/herausforderungen-der-cateringbranche-in-deutschland.html:text/html},
}

@incollection{gruner_deutsche_2016,
	address = {Wiesbaden},
	title = {{DIE} {DEUTSCHE} {GASTRONOMIE} {IM} Ü{BERBLICK}},
	isbn = {978-3-658-36438-0},
	url = {https://doi.org/10.1007/978-3-658-36438-0_1},
	abstract = {Ein Blick in den Statista Branchenreport für Gastronomie 2015(Grundlage und Quellen für den Branchenreport Gastronomie der Statista GmbH sind Ergebnisse und Werte von: Statistisches Bundesamt, Deutsche Bundesbank, Bundesagentur für Arbeit, Statistisches Amt der Europäischen Union (Eurostat), Allgemeine Hotel- und Gastronomiezeitung, DEHOGA, Deutscher Industrie- und Handelskammertag, Deutscher Tourismusverband, Wirtschafts-Woche, Internationaler Währungsfonds) identifiziert einige strukturelle Besonderheiten des Gaststättengewerbes. Die Marktstruktur weist demnach eine starke Fragmentierung auf. So dominieren Kleinstbetriebe mit weniger als zehn Beschäftigten.},
	language = {de},
	urldate = {2024-12-02},
	booktitle = {Gastronomie managen: {Umsatzchancen} nutzen, {Kostenfallen} meiden},
	publisher = {Springer Fachmedien},
	author = {Gruner, Axel and von Freyberg, Burkhard and Euchner, Moritz},
	editor = {Gruner, Axel and von Freyberg, Burkhard and Euchner, Moritz},
	year = {2016},
	doi = {10.1007/978-3-658-36438-0_1},
	pages = {11--28},
}

@misc{stiehl_prozessgesteuerte_2024,
	title = {Der {Prozessgesteuerte} {Ansatz}: {WAS} {IST} {DER} „{PROZESSGESTEUERTE} {ANSATZ}“?},
	url = {https://www.volkerstiehl.de/was-ist-pda/},
	author = {Stiehl, Volker},
	month = nov,
	year = {2024},
}

@book{bruce_bpmn_nodate,
	address = {Aptos, California, USA},
	edition = {2},
	title = {{BPMN} {Methode} und {Stil}: {Mit} dem {BPMN} {Handbuch} für die {Prozessautomatisierung}},
	isbn = {978-0-9823681-2-1},
	publisher = {Cody-Cassidy Press},
	author = {Bruce, Silver},
}

@book{volker_prozessgesteuerte_2013,
	address = {Heidelberg},
	edition = {1. Auflage},
	title = {Prozessgesteuerte {Anwendungen} entwickeln und ausführen mit {BPMN}},
	isbn = {978-3-86490-007-5},
	publisher = {dpunkt.verlag GmbH},
	author = {Volker, Stiehl},
	year = {2013},
}

@misc{aufweisen_themenseite_nodate,
	title = {Themenseite: {Digitalisierung} in der {Gastronomie}},
	shorttitle = {Themenseite},
	url = {https://de-statista-com.thi.idm.oclc.org/themen/11728/digitalisierung-in-der-gastronomie/},
	abstract = {Alle Statistiken und Zahlen zum Thema Digitalisierung in der Gastronomie jetzt bei Statista entdecken!},
	language = {de},
	urldate = {2024-12-02},
	journal = {Statista},
	author = {aufweisen, Dieser Text stellt eine Basisinformation dar Eine Gewähr für die Richtigkeit und Vollständigkeit der Angaben kann nicht übernommen werden Aufgrund unterschiedlicher Aktualisierungsrhythmen können Statistiken einen aktuelleren Datenstand},
	file = {Snapshot:/Users/jbu/Zotero/storage/CCCUMDJC/digitalisierung-in-der-gastronomie.html:text/html},
}
